<record><leader>00000cas a22000007a 4500</leader><controlfield tag="001">16830129</controlfield><controlfield tag="008">871008d190019uuiauwr ne      0    0eng d</controlfield><datafield ind1=" " ind2=" " tag="010"><subfield code="a">sn 87057852 </subfield></datafield><datafield ind1=" " ind2=" " tag="040"><subfield code="a">INP</subfield><subfield code="b">eng</subfield><subfield code="c">INP</subfield><subfield code="d">NSD</subfield><subfield code="d">OCLCQ</subfield></datafield><datafield ind1=" " ind2=" " tag="042"><subfield code="a">msc</subfield></datafield><datafield ind1="0" ind2="4" tag="245"><subfield code="a">The Rake register.</subfield></datafield><datafield ind1=" " ind2=" " tag="260"><subfield code="a">Thompson, Winnebago County, Iowa :</subfield><subfield code="b">Thompson Courier, Inc.</subfield></datafield><datafield ind1=" " ind2=" " tag="300"><subfield code="a">v.</subfield></datafield><datafield ind1=" " ind2=" " tag="310"><subfield code="a">Weekly</subfield></datafield><datafield ind1="1" ind2=" " tag="362"><subfield code="a">Began Aug. 3, 1900.</subfield></datafield><datafield ind1=" " ind2=" " tag="500"><subfield code="a">Published at Rake, Iowa, 1900-1976.</subfield></datafield><datafield ind1=" " ind2=" " tag="588"><subfield code="a">Description based on: Vol. 88, no. 13 (Jan. 1, 1987).</subfield></datafield><datafield ind1=" " ind2=" " tag="752"><subfield code="a">United States</subfield><subfield code="b">Iowa</subfield><subfield code="c">Winnebago</subfield><subfield code="d">Rake.</subfield></datafield><datafield ind1=" " ind2=" " tag="752"><subfield code="a">United States</subfield><subfield code="b">Iowa</subfield><subfield code="c">Winnebago</subfield><subfield code="d">Thompson.</subfield></datafield><datafield ind1="0" ind2="7" tag="785"><subfield code="t">Thompson courier (Thompson, Iowa : 1926)</subfield><subfield code="w">(DLC)sn 87057855</subfield><subfield code="w">(OCoLC)16830114</subfield></datafield><datafield ind1="0" ind2="7" tag="785"><subfield code="t">Thompson courier and Rake register</subfield><subfield code="x">1063-7028</subfield><subfield code="w">(DLC)sn 92003328</subfield><subfield code="w">(OCoLC)25619430</subfield></datafield></record>